<record><leader>00000cas a22000007a 4500</leader><controlfield tag="001">15206142</controlfield><controlfield tag="008">870217d18901895iauwr ne      0    0eng d</controlfield><datafield ind1=" " ind2=" " tag="010"><subfield code="a">sn 87057364 </subfield></datafield><datafield ind1=" " ind2=" " tag="040"><subfield code="a">INP</subfield><subfield code="b">eng</subfield><subfield code="c">INP</subfield><subfield code="d">OCLCQ</subfield></datafield><datafield ind1=" " ind2=" " tag="042"><subfield code="a">msc</subfield></datafield><datafield ind1="0" ind2="0" tag="245"><subfield code="a">Red Oak independent.</subfield></datafield><datafield ind1=" " ind2=" " tag="260"><subfield code="a">Red Oak, Iowa :</subfield><subfield code="b">Osborne &amp; Murphy,</subfield><subfield code="c">1890-</subfield></datafield><datafield ind1=" " ind2=" " tag="300"><subfield code="a">v. :</subfield><subfield code="b">ill.</subfield></datafield><datafield ind1=" " ind2=" " tag="310"><subfield code="a">Weekly</subfield></datafield><datafield ind1="0" ind2=" " tag="362"><subfield code="a">Vol. 3, no. 34 (May 30, 1890)-</subfield></datafield><datafield ind1="1" ind2=" " tag="362"><subfield code="a">Ceased in 1895.</subfield><subfield code="z">Cf. Bibl. of Iowa newspapers.</subfield></datafield><datafield ind1=" " ind2=" " tag="752"><subfield code="a">United States</subfield><subfield code="b">Iowa</subfield><subfield code="c">Montgomery</subfield><subfield code="d">Red Oak.</subfield></datafield><datafield ind1="0" ind2="0" tag="780"><subfield code="t">Montgomery County independent</subfield><subfield code="w">(DLC)sn 87057397</subfield></datafield><datafield ind1="0" ind2="4" tag="785"><subfield code="t">Red Oak express (Red Oak, Iowa : Weekly)</subfield><subfield code="w">(DLC)sn 84008406</subfield></datafield></record>